<?xml version="1.0" encoding="UTF-8"?><collection xmlns="http://www.loc.gov/MARC21/slim"><record><leader>00391nam--2200121-i-4500</leader><controlfield tag="001">000010563</controlfield><controlfield tag="002">20161230</controlfield><controlfield tag="005">20161230201028</controlfield><controlfield tag="008">060222s1000------------r-----000-0-eng-d</controlfield><datafield ind1=" " ind2=" " tag="100"><subfield code="a">Breuil, M. Et Tourand G</subfield></datafield><datafield ind1=" " ind2=" " tag="245"><subfield code="a">Etude par diffraction de neutrons de l evolu tion en tempuerature de la structure du tellu re liquide. these</subfield></datafield><datafield ind1=" " ind2=" " tag="260"><subfield code="a">Paris, L Universite Paris Vi, 1971 9 P</subfield></datafield><datafield ind1=" " ind2=" " tag="852"><subfield code="a">38227</subfield></datafield></record></collection>